<record><leader>00000cas a2200000 a 4500</leader><controlfield tag="001">11364327</controlfield><controlfield tag="008">841108d19341972ksuwr ne      0   a0eng d</controlfield><datafield ind1=" " ind2=" " tag="010"><subfield code="a">sn 84029990 </subfield></datafield><datafield ind1=" " ind2=" " tag="040"><subfield code="a">KSH</subfield><subfield code="b">eng</subfield><subfield code="c">KSH</subfield><subfield code="d">NPT</subfield><subfield code="d">OCL</subfield><subfield code="d">OCLCQ</subfield></datafield><datafield ind1=" " ind2=" " tag="042"><subfield code="a">msc</subfield></datafield><datafield ind1="0" ind2=" " tag="130"><subfield code="a">Gove County republican-gazette (Gove City, Kan. : 1934)</subfield></datafield><datafield ind1="1" ind2="0" tag="245"><subfield code="a">Gove County republican-gazette.</subfield></datafield><datafield ind1="1" ind2="3" tag="246"><subfield code="a">Gove gazette</subfield><subfield code="f">Oct. 7, 1966-Apr. 7, 1967</subfield></datafield><datafield ind1=" " ind2=" " tag="260"><subfield code="a">Gove City, Kan. :</subfield><subfield code="b">A.K. Trimmer,</subfield><subfield code="c">1934-1972.</subfield></datafield><datafield ind1=" " ind2=" " tag="300"><subfield code="a">38 v. :</subfield><subfield code="b">ill. ;</subfield><subfield code="c">36-55 cm.</subfield></datafield><datafield ind1=" " ind2=" " tag="310"><subfield code="a">Weekly</subfield></datafield><datafield ind1="0" ind2=" " tag="362"><subfield code="a">Vol. 48, no. 2 (Apr. 5, 1934)-v. 63, no. 2 (Mar. 31, 1949) ; 63rd yr., no. 3 (Apr. 7, 1949)-86th yr., no. 84 (Feb. 18, 1972).</subfield></datafield><datafield ind1=" " ind2=" " tag="500"><subfield code="a">Published by: E.R. Trimmer, Ruth Trimmer, Nov. 24, 1949-Mar. 15, 1963; Gove County Republican Gazette Inc., Mar. 22, 1963-Sept. 30, 1966; Bill Boyer, Oct. 7, 1966-Jan. 1, 1971; O.D. Stewart, Jan. 8, 1971-Feb. 18, 1972.</subfield></datafield><datafield ind1=" " ind2=" " tag="515"><subfield code="a">Numbering is irregular.</subfield></datafield><datafield ind1=" " ind2=" " tag="752"><subfield code="a">United States</subfield><subfield code="b">Kansas</subfield><subfield code="c">Gove</subfield><subfield code="d">Gove City.</subfield></datafield><datafield ind1="0" ind2="0" tag="780"><subfield code="t">Republican-gazette (Gove City, Kan.)</subfield><subfield code="w">(DLC)sn 84029988</subfield></datafield></record>